<?xml version="1.0" encoding="utf-8"?>
<record xmlns="http://www.loc.gov/MARC21/slim" xmlns:xsi="http://www.w3.org/2001/XMLSchema-instance" xsi:schemaLocation="http://www.loc.gov/MARC21/slim http://www.loc.gov/standards/marcxml/schema/MARC21slim.xsd">
	<leader>     nam a22        4500</leader>
	<controlfield tag="001">2834953</controlfield>
	<controlfield tag="003">NjP</controlfield>
	<controlfield tag="006">m        d        </controlfield>
	<controlfield tag="007">cr cn |||m|||a</controlfield>
	<controlfield tag="008">170804s1961    sy      o     000 0 ara d</controlfield>
	<datafield ind1=" " ind2=" " tag="040">
		<subfield code="a">NNU</subfield>
		<subfield code="b">eng</subfield>
		<subfield code="e">rda</subfield>
		<subfield code="c">NNU</subfield>
	</datafield>
	<datafield ind1=" " ind2=" " tag="066">
		<subfield code="c">(3</subfield>
	</datafield>
	<datafield ind1=" " ind2="4" tag="050">
		<subfield code="a">BP135.A2</subfield>
		<subfield code="b">S3 1961</subfield>
	</datafield>
	<datafield ind1="1" ind2=" " tag="100">
		<subfield code="6">880-01</subfield>
		<subfield code="a">Saffārīnī, Muḥammad ibn Aḥmad,</subfield>
		<subfield code="d">1702 or 1703-1774.</subfield>
	</datafield>
	<datafield ind1="1" ind2="0" tag="245">
		<subfield code="6">880-02</subfield>
		<subfield code="a">Nafathāt ṣadr al-mukammad wa-qurrat ʻayn al-musʻad li-sharḥ thulāthīyāt Musnad al-Imām Aḥmad /</subfield>
		<subfield code="c">taʼlīf Muḥammad al-Saffārīnī al-Ḥanbalī.</subfield>
	</datafield>
	<datafield ind1="3" ind2="0" tag="246">
		<subfield code="6">880-03</subfield>
		<subfield code="a">Thulāthīyāt Musnad al-Imām Aḥmad</subfield>
	</datafield>
	<datafield ind1=" " ind2=" " tag="250">
		<subfield code="6">880-04</subfield>
		<subfield code="a">al-Ṭabʻah 1.</subfield>
	</datafield>
	<datafield ind1=" " ind2=" " tag="260">
		<subfield code="6">880-05</subfield>
		<subfield code="a">Dimashq :</subfield>
		<subfield code="b">al-Maktab al-Islāmī,</subfield>
		<subfield code="c">1380 [i.e. 1961]</subfield>
	</datafield>
	<datafield ind1=" " ind2=" " tag="300">
		<subfield code="a">online resource (2 volumes)</subfield>
	</datafield>
	<datafield ind1=" " ind2=" " tag="336">
		<subfield code="a">text</subfield>
		<subfield code="2">rdacontent</subfield>
	</datafield>
	<datafield ind1=" " ind2=" " tag="337">
		<subfield code="a">computer</subfield>
		<subfield code="2">rdamedia</subfield>
	</datafield>
	<datafield ind1=" " ind2=" " tag="338">
		<subfield code="a">online resource</subfield>
		<subfield code="2">rdacarrier</subfield>
	</datafield>
	<datafield ind1=" " ind2=" " tag="500">
		<subfield code="a">Part of the Arabic Collections Online (ACO) project, contributed by Princeton University Libraries.</subfield>
	</datafield>
	<datafield ind1=" " ind2=" " tag="533">
		<subfield code="a">Electronic reproduction.</subfield>
		<subfield code="b">New York, N.Y. :</subfield>
		<subfield code="c">New York University,</subfield>
		<subfield code="d">2017.</subfield>
		<subfield code="5">NNU</subfield>
	</datafield>
	<datafield ind1="1" ind2="0" tag="600">
		<subfield code="6">880-06</subfield>
		<subfield code="a">Ibn Ḥanbal, Aḥmad ibn Muḥammad,</subfield>
		<subfield code="d">780-855.</subfield>
		<subfield code="t">Musnad.</subfield>
	</datafield>
	<datafield ind1="0" ind2="7" tag="630">
		<subfield code="a">Musnad (Ibn Ḥanbal, Aḥmad ibn Muḥammad)</subfield>
		<subfield code="2">fast</subfield>
		<subfield code="0">(OCoLC)fst01367137</subfield>
	</datafield>
	<datafield ind1="1" ind2=" " tag="700">
		<subfield code="6">880-07</subfield>
		<subfield code="a">Ibn Ḥanbal, Aḥmad ibn Muḥammad,</subfield>
		<subfield code="d">780-855.</subfield>
		<subfield code="t">Musnad.</subfield>
	</datafield>
	<datafield ind1="2" ind2=" " tag="710">
		<subfield code="a">Princeton University.</subfield>
		<subfield code="b">Library.</subfield>
	</datafield>
	<datafield ind1="0" ind2=" " tag="730">
		<subfield code="a">Arabic Collections Online.</subfield>
	</datafield>
	<datafield ind1="0" ind2="8" tag="776">
		<subfield code="i">Print version:</subfield>
		<subfield code="a">Saffārīnī, Muḥammad ibn Aḥmad, 1702 or 1703-1774.</subfield>
		<subfield code="t">Nafathāt ṣadr al-mukammad wa-qurrat ʻayn al-musʻad li-sharḥ thulāthīyāt Musnad al-Imām Aḥmad</subfield>
		<subfield code="w">(NjP)2834953</subfield>
		<subfield code="w">(OCoLC)42915120</subfield>
	</datafield>
	<datafield ind1="4" ind2="0" tag="856">
		<subfield code="u">http://hdl.handle.net/2333.1/6djhb1s7</subfield>
	</datafield>
	<datafield ind1="1" ind2=" " tag="880">
		<subfield code="6">100-01/(3/r</subfield>
		<subfield code="a">سفاريني، محمد بن أحمد،,</subfield>
		<subfield code="d">1702 or 1703-1774.</subfield>
	</datafield>
	<datafield ind1="1" ind2="0" tag="880">
		<subfield code="6">245-02/(3/r</subfield>
		<subfield code="a">نفثات صدر المكمد وقرة عين المسعد لشرح ثلاثيات مسند الإمام أحمد /</subfield>
		<subfield code="c">تأليف محمد السفاريني الحنبلي.</subfield>
	</datafield>
	<datafield ind1="3" ind2="0" tag="880">
		<subfield code="6">246-03/(3/r</subfield>
		<subfield code="a">ثلاثيات مسند الإمام أحمد</subfield>
	</datafield>
	<datafield ind1=" " ind2=" " tag="880">
		<subfield code="6">250-04/(3/r</subfield>
		<subfield code="a">الطبعة 1.</subfield>
	</datafield>
	<datafield ind1=" " ind2=" " tag="880">
		<subfield code="6">260-05/(3/r</subfield>
		<subfield code="a">دمشق :</subfield>
		<subfield code="b">المكتب الاسلامي،</subfield>
		<subfield code="c">1380 [أى 1961]</subfield>
	</datafield>
	<datafield ind1="1" ind2="4" tag="880">
		<subfield code="6">600-06/(3/r</subfield>
		<subfield code="a">ابن حنبل، أحمد بن محمد،,</subfield>
		<subfield code="d">780-855.</subfield>
		<subfield code="t">مسند.</subfield>
	</datafield>
	<datafield ind1="1" ind2=" " tag="880">
		<subfield code="6">700-07/(3/r</subfield>
		<subfield code="a">ابن حنبل، أحمد بن محمد،,</subfield>
		<subfield code="d">780-855.</subfield>
		<subfield code="t">مسند.</subfield>
	</datafield>
	<datafield ind1=" " ind2=" " tag="959">
		<subfield code="a">NNU</subfield>
		<subfield code="b">WEB</subfield>
		<subfield code="c">GENI</subfield>
		<subfield code="t">0</subfield>
		<subfield code="m">Electronic access</subfield>
		<subfield code="s">01</subfield>
	</datafield>
	<datafield ind1=" " ind2=" " tag="999">
		<subfield code="i">NjP_2834953</subfield>
		<subfield code="o">(OCoLC)ocm42915120 </subfield>
		<subfield code="s">princeton_aco001015:vol.1</subfield>
		<subfield code="s">princeton_aco001016:vol.2</subfield>
	</datafield>
</record>
